%% This BibTeX bibliography file was created using BibDesk.
%% http://bibdesk.sourceforge.net/


%% Created for homoflashmanicus at 2013-04-06 18:18:03 -0400 


%% Saved with string encoding Unicode (UTF-8) 



@article{momiji2002,
	Author = {Momiji, H. and Bishop, S. R. and Carretero-Gonz\'{a}lez, R. and Warren},
	Date-Added = {2013-04-06 18:10:55 -0400},
	Date-Modified = {2013-04-06 18:17:42 -0400},
	Journal = {Discrete Dynamics in Nature and Society},
	Keywords = {dune},
	Pages = {7--17},
	Title = {{Modelling desert dune fields based on discrete dynamics.}},
	Url = {http://dx.doi.org/10.1080/10260220290013462},
	Volume = {7},
	Year = {2002},
	Bdsk-Url-1 = {http://www-rohan.sdsu.edu/%5C~%7B%7Drcarrete/publications/%5C#abs17}}

@misc{stam1996,
	Author = {Jos Stam},
	Date-Added = {2013-04-06 20:22:49 +0000},
	Date-Modified = {2013-04-06 20:22:49 +0000},
	Title = {Stochastic Dynamics: Simulating the Effects of Turbulence on Flexible Structures},
	Year = {1996}}

@misc{larsen2003,
	Author = {Bent Dalgaard Larsen and Larsen Niels and Niels J{\o}rgen Christensen},
	Date-Added = {2013-04-06 20:22:06 +0000},
	Date-Modified = {2013-04-06 20:22:06 +0000},
	Title = {Real-time Terrain Rendering using Smooth Hardware Optimized Level of Detail},
	Year = {2003}}

@incollection{sousa2008,
	Author = {Tiago Sousa},
	Booktitle = {GPU Gems 3},
	Date-Added = {2013-04-06 20:20:37 +0000},
	Date-Modified = {2013-04-06 20:20:37 +0000},
	Editor = {Hubert Nguyen},
	Pages = {373--385},
	Publisher = {Addison-Wesley},
	Title = {Vegetation Procedural Animation and Shading in Crysis},
	Year = {2008}}

@incollection{kharlamov2008,
	Author = {Alexander Kharlamov and Iain Cantlay and Yury Stepanenko},
	Booktitle = {GPU Gems 3},
	Date-Added = {2013-04-06 20:19:03 +0000},
	Date-Modified = {2013-04-06 20:19:03 +0000},
	Editor = {Hubert Nguyen},
	Pages = {69--92},
	Publisher = {Addison-Wesley},
	Title = {Next-Generation SpeedTree Rendering},
	Year = {2008}}

@incollection{renaldas2008,
	Author = {Zioma, Renaldas },
	Booktitle = {GPU Gems 3},
	Date-Added = {2013-04-06 20:16:29 +0000},
	Date-Modified = {2013-04-06 17:49:15 -0400},
	Editor = {Nguyen, Hubert},
	Pages = {105--121},
	Publisher = {Addison-Wesley},
	Title = {GPU-Generated Procedural Wind Animations for Trees},
	Year = {2008}}
